
Kilbride, Madison K., and Steven Joffe. “The New Age of Patient Autonomy: Implications for the Patient-Physician Relationship.” JAMA, October 15, 2018. https://doi.org/10.1001/jama.2018.14382.

Mhaskar, Rahul, and Benjamin Djulbegovic. “Bisphosphonates for Patients Diagnosed With Multiple Myeloma.” JAMA 320, no. 14 (October 9, 2018): 1483–84. https://doi.org/10.1001/jama.2018.13773.

“Cosmos by Carl Sagan PDF ( Free | 211 Pages ).” Accessed October 16, 2018. https://www.pdfdrive.com/cosmos-by-carl-sagan-d60737073.html.

“Stephen Hawking - The Nature Of Space And Time.pdf by Stephen Hawkings - PDF Drive.” Accessed October 16, 2018. https://www.pdfdrive.com/stephen-hawking-the-nature-of-space-and-timepdf-e18836003.html.

Dellinger, R. Phillip, Sean M. Bagshaw, Massimo Antonelli, Debra M. Foster, David J. Klein, John C. Marshall, Paul M. Palevsky, et al. “Effect of Targeted Polymyxin B Hemoperfusion on 28-Day Mortality in Patients With Septic Shock and Elevated Endotoxin Level: The EUPHRATES Randomized Clinical Trial.” JAMA 320, no. 14 (October 9, 2018): 1455–63. https://doi.org/10.1001/jama.2018.14618.
